
@article{ziou:inria-00098446,
  TITLE = {{Edge Detection Techniques-An Overview}},
  AUTHOR = {Ziou, Djemel and Tabbone, Salvatore},
}
  
  
  
  

